% Encoding: UTF-8

@Article{Kumar2017,
  author = {Kumar, Saurabh},
  title  = {Big Data in Image Processing},
  year   = {2017},
}

@Comment{jabref-meta: databaseType:bibtex;}
